# Encoding: UTF-8

@book{levy_processes,
  title     = {LÃ©vy processes},
  author    = {Jean Berton},
  year      = {1996},
  publisher = {Cambridge University Press},
}